@article{Luca2023Granger,
	author = {Luca, Margaritella and Stephan, Smeekes. "Granger causality testing in high-dimensional VARs: A post-double-selection procedure},
	year = {2023},
	publisher = {3},
	title = {Granger causality testing in high-dimensional {VARs}: A post-double-selection procedure},
}


@article{Abderrahim2019better,
	author = {Abderrahim, Taamouti. "A better understanding of granger causality analysis: A big data environment},
	year = {2019},
	publisher = {4},
	title = {A better understanding of granger causality analysis: A big data environment},
}


@article{ael2013Causal,
	author = {{ael., "Causal inference with multiple time series: principles and problems}},
	year = {2013},
	title = {Causal inference with multiple time series: principles and problems},
	howpublished = {https://royalsocietypublishing.org/doi/abs/10.1098/rsta.2011.0613},
}


@article{Ali2015Network,
	author = {Ali, Shojaie and George, Michailidis. "Network granger causality with inherent grouping structure},
	year = {2015},
	publisher = {1},
	title = {Network granger causality with inherent grouping structure},
}


@article{Behtash2023Non,
	author = {Behtash, Babadi},
	year = {2023},
	publisher = {IEEE Transactions on Information Theory},
	title = {Non-asymptotic guarantees for reliable identification of granger causality via the {LASSO}},
}


@article{De2008Forecasting,
	author = {De, Mol and Domenico, Giannone and Lucrezia, Reichlin. "Forecasting using a large number of predictors: Is Bayesian shrinkage a valid alternative to principal components?},
	year = {2008},
	publisher = {2},
	title = {Forecasting using a large number of predictors: Is {Bayesian} shrinkage a valid alternative to principal components?},
}


@article{Emily2022Granger,
	author = {{Emily, B. Fox. "Granger causality: A review and recent advances}},
	year = {2022},
	publisher = {1},
	title = {Granger causality: A review and recent advances},
}


@article{Engle2002Dynamic,
	author = {Engle, Robert. "Dynamic conditional correlation: A simple class of multivariate generalized autoregressive conditional heteroskedasticity models},
	year = {2002},
	publisher = {3},
	title = {Dynamic conditional correlation: A simple class of multivariate generalized autoregressive conditional heteroskedasticity models},
}


@article{Etienne2018Macroeconomic,
	author = {Etienne, Wijler. "Macroeconomic forecasting using penalized regression methods},
	year = {2018},
	publisher = {3},
	title = {Macroeconomic forecasting using penalized regression methods},
}


@article{Francis2018Estimating,
	author = {Francis, X. Diebold and Laura, Liu and Kamil, Yilmaz. "Estimating global bank network connectedness},
	year = {2018},
	publisher = {1},
	title = {Estimating global bank network connectedness},
}


@article{G2019Joint,
	author = {G., Michailidis},
	year = {2019},
	publisher = {{Econometrics and Statistics 10}},
	title = {Joint estimation of multiple network {Granger} causal models},
}


@article{Granger1969Investigating,
	author = {Granger, Clive WJ},
	year = {1969},
	publisher = {Econometrica journal of the Econometric Society},
	title = {Investigating causal relations by econometric models and cross-spectral methods},
}


@article{Granger1980Testing,
	author = {Granger, Clive WJ},
	year = {1980},
	publisher = {{Journal of Economic Dynamics and control 2}},
	title = {Testing for causality: A personal viewpoint},
}


@article{Graves2012Sequence,
	author = {Graves, Alex},
	year = {2012},
	publisher = {arXiv preprint arXiv},
	title = {Sequence transduction with recurrent neural networks},
}


@article{Ian2021Neural,
	author = {Ian, Covert and Nicholas, Foti and Ali, Shojaie and Emily, B. Fox. "Neural granger causality},
	year = {2021},
	publisher = {8},
	title = {Neural granger causality},
}


@article{Ian2017interpretable,
	author = {Ian, Cover and Nicholas, J. Foti and Ali, Shojaie and Emily, B. Fox},
	year = {2017},
	publisher = {arXiv preprint arXiv},
	title = {An interpretable and sparse neural network model for nonlinear granger causality discovery},
}


@article{JianNaNGranger,
	author = {Jian-Guo, Wang and Long-Fei, Deng and Yuan, Yao and Jian-Long, Liu},
	year = {NaN},
	publisher = {In},
	title = {Granger causality detection based on neural network},
}


@article{Jinchi2011Sparse,
	author = {Jinchi, Lv and Lei, Qi. "Sparse high-dimensional models in economics." Annu. Rev. Econ},
	year = {2011},
	publisher = {1},
	title = {Sparse high-dimensional models in economics},
}


@article{undefined2015Improved,
	author = {A., K. and Enayetur, Raheem},
	year = {2015},
	publisher = {arXiv preprint arXiv},
	title = {Improved {LASSO}},
}


@article{Marcelo2016l1,
	author = {Marcelo, C. and {Eduardo, F. Mendes. "l1-regularization of high-dimensional time-series models with non-Gaussian and heteroskedastic errors}},
	year = {2016},
	publisher = {1},
	title = {l1-regularization of high-dimensional time-series models with non-{Gaussian} and heteroskedastic errors},
}


@article{Mark2004Finding,
	author = {Mark, EJ and {Michelle, Girvan. "Finding and evaluating community structure in networks}},
	year = {2004},
	publisher = {2},
	title = {Finding and evaluating community structure in networks},
}


@article{Peter2011Large,
	author = {Peter, J. Bickel},
	year = {2011},
	publisher = {arXiv preprint arXiv},
	title = {Large vector auto regressions},
}


@article{Richard2016Sparse,
	author = {Richard, A. and Pengfei, Zang and Tian, Zheng. "Sparse vector autoregressive modeling},
	year = {2016},
	publisher = {4},
	title = {Sparse vector autoregressive modeling},
}


@article{rt1996Regression,
	author = {{rt., "Regression shrinkage and selection via the lasso}},
	year = {1996},
	publisher = {1},
	title = {Regression shrinkage and selection via the lasso},
}


@article{Schwarz1978Estimating,
	author = {Schwarz, Gideon},
	year = {1978},
	publisher = {The annals of statistics},
	title = {Estimating the dimension of a model},
}


@article{William2017VARX,
	author = {William, B. and David, S. Matteson and Jacob, Bien. "VARX-L: Structured regularization for large vector autoregressions with exogenous variables},
	year = {2017},
	publisher = {3},
	title = {VARX-{L}: Structured regularization for large vector autoregressions with exogenous variables},
}


@article{William2020High,
	author = {William, B. and Ines, Wilms and Jacob, Bien and David, S. Matteson. "High dimensional forecasting via interpretable vector autoregression},
	year = {2020},
	publisher = {166},
	title = {High dimensional forecasting via interpretable vector autoregression},
}

@article{Stephan2023Lasso,
	author = {Stephan, Smeekes and Ines, Wilms. "Lasso inference for high-dimensional time series},
	year = {2023},
	publisher = {2},
	title = {Lasso inference for high-dimensional time series},
}

@article{HastieNaNGeneralized,
	author = {Hastie, Trevor J. "Generalized additive models." In Statistical models in S pp},
	year = {NaN},
	publisher = {Routledge},
	title = {Generalized additive models},
}

@article{Torben2000Exchange,
	author = {Torben, G. and Tim, Bollerslev and Francis, X. Diebold and Paul, Labys},
	year = {2000},
	title = {Exchange rate returns standardized by realized volatility are (nearly) {Gaussian}},
	howpublished = {https://www.nber.org/papers/w7488},
}

@article{Pedro2016Inferring,
	author = {Pedro, D. Maia and J., Nathan Kutz. "Inferring connectivity in networked dynamical systems: Challenges using Granger causality},
	year = {2016},
	publisher = {3},
	title = {Inferring connectivity in networked dynamical systems: Challenges using {Granger} causality},
}

@article{Tong2011Nonlinear,
	author = {Tong, Howell},
	year = {2011},
	title = {Nonlinear {Time} {Series} {Analysis}.},
	howpublished = {https://encyclopediaofmath.org/images/8/87/Nonlinear\textunderscore{}time\textunderscore{}series\textunderscore{}analysis.pdf},
}

@article{oNaNForecasting,
	author = {{o., "Forecasting large realized covariance matrices: The benefits of factor models and shrinkage}},
	year = {NaN},
	publisher = {Sl SSRN},
	title = {Forecasting large realized covariance matrices: The benefits of factor models and shrinkage},
}

